%% This BibTeX bibliography file was created using BibDesk.
%% http://bibdesk.sourceforge.net/


%% Created for Stefanie Taepke at 2014-02-07 18:03:02 +0100 


%% Saved with string encoding Unicode (UTF-8) 



@www{stylus,
	Author = {LearnBoost},
	Date-Added = {2014-02-07 17:02:05 +0000},
	Date-Modified = {2014-02-07 17:03:02 +0000},
	Keywords = {dev, frontend, node},
	Title = {Stylus --- expressive, robust, feature-rich CSS preprocessor},
	Url = {http://learnboost.github.io/stylus/},
	Urldate = {07.02.2014}}

@www{jade,
	Author = {Visionmedia},
	Date-Added = {2014-02-07 17:00:43 +0000},
	Date-Modified = {2014-02-07 17:01:51 +0000},
	Keywords = {jade, dev, frontend, framework},
	Title = {Jade - Template Engine},
	Url = {http://jade-lang.com/},
	Urldate = {07.02.2014}}

@www{mongodb,
	Author = {{MongoDB, Inc.}},
	Date-Added = {2014-02-07 15:58:07 +0000},
	Date-Modified = {2014-02-07 15:58:55 +0000},
	Keywords = {mongodb, mongo, dev},
	Title = {MongoDB},
	Url = {http://www.mongodb.org/},
	Urldate = {07.02.2014}}

@www{expressjs,
	Author = {express},
	Date-Added = {2014-02-07 15:35:17 +0000},
	Date-Modified = {2014-02-07 15:36:55 +0000},
	Keywords = {dev, express, node},
	Title = {Express - node.js web application framework},
	Url = {http://expressjs.com/},
	Urldate = {07.02.2014}}

@www{yeoExpress,
	Author = {Peter Cooper},
	Date-Added = {2014-02-07 14:59:20 +0000},
	Date-Modified = {2014-02-07 15:00:49 +0000},
	Keywords = {github, express, yeoman, generator, dev},
	Title = {petecoop/generator-express},
	Url = {https://github.com/petecoop/generator-express},
	Urldate = {07.02.2014}}

@www{nodejs,
	Author = {{Joyent, Inc.}},
	Date-Added = {2014-02-07 14:27:09 +0000},
	Date-Modified = {2014-02-07 16:50:52 +0000},
	Keywords = {node, dev},
	Title = {node.js},
	Url = {http://nodejs.org/},
	Urldate = {07.02.2014}}

@www{grunt,
	Author = {{Grunt development}},
	Date-Added = {2014-02-07 14:12:49 +0000},
	Date-Modified = {2014-02-07 16:51:26 +0000},
	Keywords = {grunt, dev},
	Title = {Grunt: The JavaScript Task Runner},
	Url = {http://gruntjs.com/},
	Urldate = {07.02.2014}}

@www{bower,
	Author = {Twitter and other contributors},
	Date-Added = {2014-02-07 14:10:23 +0000},
	Date-Modified = {2014-02-07 14:12:02 +0000},
	Title = {Bower - A package manager for the web},
	Url = {http://bower.io/},
	Urldate = {07.02.2014}}

@www{yeoman,
	Author = {Addy Osmani, Sindre Sorhus, Pascal Hartig, Stephen Sawchuk, Simon Boudrias, Brian Ford, Eddie Monge, Paul Irish, Hemanth.HM, Revath S Kumar, Jimmy Moon, Frederick Ros, Mickael Daniel, Eric Bidelman},
	Date-Added = {2014-02-07 13:38:37 +0000},
	Date-Modified = {2014-02-07 13:40:21 +0000},
	Keywords = {yeoman, framework},
	Title = {Yeoman - Modern workflows for modern webapps},
	Url = {http://yeoman.io/},
	Urldate = {07.02.2014}}

@www{einestagesAbout,
	Author = {{SPIEGEL ONLINE GmbH}},
	Date-Added = {2014-01-28 21:16:05 +0000},
	Date-Modified = {2014-01-28 21:23:51 +0000},
	Keywords = {einestages, spiegel, archiv, stateoftheart},
	Title = {einestages - Zeitgeschichten auf SPIEGEL ONLINE},
	Url = {http://einestages.spiegel.de/page/aboutEinesTages.html},
	Urldate = {18.01.2014},
	Bdsk-Url-1 = {http://einestages.spiegel.de/page/aboutEinesTages.html}}

@www{fazArchiv,
	Author = {{Frankfurter Allgemeine Zeitung GmbH}},
	Date-Added = {2014-01-28 20:59:51 +0000},
	Date-Modified = {2014-01-28 21:00:45 +0000},
	Keywords = {faz, archive},
	Title = {FAZ-Archiv: Suche},
	Url = {http://fazarchiv.faz.net/},
	Urldate = {18.01.2014},
	Bdsk-Url-1 = {http://fazarchiv.faz.net/}}

@www{szArchiv,
	Author = {{DIZ Dokumentations- und Informationzentrum M{\"u}nchen GmbH}},
	Date-Added = {2014-01-28 20:57:14 +0000},
	Date-Modified = {2014-01-28 20:58:48 +0000},
	Keywords = {sueddeutsche, archive},
	Title = {Archiv-Dienstleistungen und Archive der S{\"u}ddeutschen Zeitung | DIZ M{\"u}nchen GmbH},
	Url = {http://www.sz-archiv.de/sueddeutsche-zeitung-archiv/onlinearchive},
	Urldate = {18.01.2014},
	Bdsk-Url-1 = {http://www.sz-archiv.de/sueddeutsche-zeitung-archiv/onlinearchive}}

@www{zeitArchiv,
	Author = {ZEIT ONLINE GmbH},
	Date-Added = {2014-01-28 20:52:53 +0000},
	Date-Modified = {2014-01-28 20:54:22 +0000},
	Keywords = {zeit, archive},
	Title = {DIE ZEIT: Jahrgang 2014 | Archiv | ZEIT ONLINE},
	Url = {http://www.zeit.de/2014/index},
	Urldate = {18.01.2014},
	Bdsk-Url-1 = {http://www.zeit.de/2014/index}}

@www{spiegelArchiv,
	Author = {{SPIEGEL ONLINE GmbH}},
	Date-Added = {2014-01-28 20:50:33 +0000},
	Date-Modified = {2014-01-28 20:52:51 +0000},
	Keywords = {spiegel, archive},
	Title = {DER SPIEGEL 2014},
	Url = {http://www.spiegel.de/spiegel/print/},
	Urldate = {17.01.2014},
	Bdsk-Url-1 = {http://www.spiegel.de/spiegel/print/}}

@book{Riefler:1995aa,
	Address = {Bonn},
	Author = {Katja Riefler},
	Date-Added = {2014-01-27 17:27:28 +0000},
	Date-Modified = {2014-01-27 17:29:37 +0000},
	Publisher = {ZV Zeitungs-Verlag Service GmbH},
	Title = {Zeitung Online. Neue Wege zu Lesern und Anzeigenkunden.},
	Urldate = {18.01.2014},
	Year = {1995}}

@www{wikiTerror,
	Author = {Wikipedia},
	Date-Added = {2014-01-27 16:24:14 +0000},
	Date-Modified = {2014-01-27 16:27:16 +0000},
	Keywords = {wikipedia, geschichte, daten},
	Title = {Terroranschl{\"a}ge am 11. September 2001},
	Url = {http://de.wikipedia.org/wiki/11._September_2001},
	Urldate = {16.01.2001},
	Bdsk-Url-1 = {http://de.wikipedia.org/wiki/11._September_2001}}

@www{imdbStats,
	Author = {{IMDb.com, Inc.}},
	Date-Added = {2014-01-27 11:31:48 +0000},
	Date-Modified = {2014-01-27 11:31:48 +0000},
	Keywords = {imdb, stats},
	Title = {IMDb Database Statistics},
	Url = {http://www.imdb.com/stats},
	Urldate = {22.01.2014},
	Bdsk-Url-1 = {http://www.imdb.com/stats}}

@www{imdbPress,
	Author = {{IMDb.com, Inc.}},
	Date-Added = {2014-01-24 13:23:38 +0000},
	Date-Modified = {2014-01-24 13:25:28 +0000},
	Keywords = {imdb, film, movie, about, presse},
	Lastchecked = {24.01.2014},
	Title = {Press Room: About IMDb},
	Url = {http://www.imdb.com/pressroom/about/},
	Urldate = {24.01.2014},
	Bdsk-Url-1 = {http://www.imdb.com/pressroom/about/}}

@www{wayback,
	Address = {San Francisco},
	Author = {{Internet Archive}},
	Date-Added = {2014-01-24 10:58:05 +0000},
	Date-Modified = {2014-01-24 11:18:39 +0000},
	Howpublished = {Webseite},
	Keywords = {internet, archive, wayback, machine},
	Lastchecked = {24.01.2014},
	Month = {M{\"a}rz},
	Title = {Wayback Machine},
	Url = {http://archive.org/web/},
	Urldate = {24.01.2014},
	Year = {2001},
	Bdsk-Url-1 = {http://archive.org/web/}}

@www{wikiListSongsVietnamWar,
	Author = {Wikipedia},
	Date-Added = {2014-01-23 16:30:50 +0000},
	Date-Modified = {2014-01-24 11:20:45 +0000},
	Keywords = {Wikipedia, vietnam, music},
	Lastchecked = {23.01.2014},
	Note = {[Online; accessed 23-January-2014]},
	Shorttitle = {WikiVietnamWarSongs},
	Title = {List of songs about the Vietnam War --- Wikipedia{,} The Free Encyclopedia},
	Url = {http://en.wikipedia.org/w/index.php?title=List_of_songs_about_the_Vietnam_War&oldid=590886236},
	Urldate = {23.01.2014},
	Year = {2014},
	Bdsk-Url-1 = {http://en.wikipedia.org/w/index.php?title=List_of_songs_about_the_Vietnam_War&oldid=590886236}}

@www{googleMusicTimelineAbout,
	Annote = {About Music Timeline
What is the Music Timeline?
The Music Timeline shows genres of music waxing and waning, based on how many Google Play Music users have an artist or album in their music library, and other data (such as album release dates). Each stripe on the graph represents a genre; the thickness of the stripe tells you roughly the popularity of music released in a given year in that genre. (For example, the "jazz" stripe is thick in the 1950s since many users' libraries contain jazz albums released in the '50s.) Click on the stripes to zoom into more specialized genres.
Where does the data come from?
The Music Timeline is based on album and artist statistics aggregated from Google Play Music --- we define popularity by how many users have an artist or album in their music library.

What do the colors mean?
Colors are used to visually separate genres and group sub-genres, but have no other meaning.
Is this data normalized?
Yes. There's lots of data about recent music, but the information about older music is more sparse; shown directly, even major changes in the '60s are dwarfed by tiny twitches in the '90s. Additionally, there's simply more music published now! To keep the visualization legible, the overview data is normalized by the total number of albums from that year --- this way, you can see and understand the timeline across all the decades.
Why does the timeline start in 1950?
The data from earlier than 1950 is too sparse to visualize in this way.

Where is the classical music?
People usually think of classical music in terms of its composition date, not its recording date --- should a particular concerto recording be dated when Mozart wrote it in 1791, or when the Boston Symphony Orchestra performed it in 2009? Because of this difference, placing classical music on the timeline the same way as contemporary music looks counterintuitive, so it is omitted from this visualization.
Some albums are missing cover art!
Yes, we don't have album art to show for all artists and albums. Sorry!
Why do some albums appear more than once?
Many albums are released in slightly different versions for different countries. They might have translated titles, new art, bonus tracks, or even a different track list altogether! This makes it tricky to say precisely what defines a release, so some of these similar albums may appear separately.

What did you use to build this?
The visualization uses the D3 library and Closure Tools.},
	Author = {{Big Picture and Music Intelligence research groups at Google}},
	Date-Added = {2014-01-18 17:10:31 +0000},
	Date-Modified = {2014-01-24 11:23:00 +0000},
	Howpublished = {Webseite},
	Keywords = {google, music},
	Lastchecked = {18.01.2014},
	Month = {Januar},
	Title = {About Music Timeline},
	Url = {https://music-timeline.appspot.com/about.html},
	Urldate = {18.01.2014},
	Year = {2014},
	Bdsk-Url-1 = {https://music-timeline.appspot.com/about.html}}

@misc{googleMusicTimeline,
	Author = {{Big Picture and Music Intelligence research groups at Google}},
	Date-Added = {2014-01-18 16:58:06 +0000},
	Date-Modified = {2014-01-24 12:11:50 +0000},
	Howpublished = {Webseite},
	Keywords = {google, music},
	Lastchecked = {18.01.2014},
	Month = {Januar},
	Title = {Music Timeline},
	Url = {http://research.google.com/bigpicture/music/},
	Urldate = {18.01.2014},
	Year = {2014},
	Bdsk-Url-1 = {http://research.google.com/bigpicture/music/}}

@www{jahrgangsbuecher,
	Author = {{Wartberg Verlag GmbH \& Co. KG}},
	Date-Added = {2014-01-18 16:18:45 +0000},
	Date-Modified = {2014-01-24 11:28:01 +0000},
	Howpublished = {Webseite},
	Keywords = {jahrgang, chronik, buch},
	Lastchecked = {17.01.2014},
	Month = {Januar},
	Title = {Jahrgangsb{\"u}cher},
	Url = {http://www.wartberg-verlag.de/geschenkbuecher/jahrgangsbuecher.html},
	Urldate = {17.01.2014},
	Year = {2014},
	Bdsk-Url-1 = {http://www.wartberg-verlag.de/geschenkbuecher/jahrgangsbuecher.html}}

@www{googleMusicTimelineHeise,
	Annote = {Google Research hat seine interaktive Music Timeline vorgestellt. Die Website visualisiert die Entwicklung verschiedener musikalischer Genres {\"u}ber die vergangenen 64 Jahre. Die Daten stammen von Googles Musikdienst Google Play. Ausgewertet werden die Sammlungen, die die Nutzer als Upload auf Googles Cloud-Dienst gestellt haben. Die Darstellung gibt daher einen Querschnitt aller von Google-Play-Usern hochgeladenen Musiksammlungen wieder.

Googles Music Timeline visualisiert die Entwicklung der Musik-Genres seit 1950.  Vergr{\"o}{\ss}ern
Alle Haupt-Genres sind in Sub-Genres unterteilt. In der letzten Zoomstufe finden sich die wichtigsten K{\"u}nstler, die das Genre charakterisieren. Im unteren Bereich der Seite werden die passenden Albencover angezeigt. Ein Klick f{\"u}hrt in den Web-Bereich von Google Play. Ein direktes Anh{\"o}ren der Titel auf der Timeline ist derzeit nicht m{\"o}glich.

Die Timeline ist nur eine von vielen interaktiven Infografiken der Big Picture Group. Auf der Projektseite findet sich noch die Digital Atack Map f{\"u}r DoS- Attacken oder die YouTube-Trends Map.},
	Author = {Sven Hansen},
	Date-Added = {2014-01-18 13:06:24 +0000},
	Date-Modified = {2014-01-24 11:22:51 +0000},
	Howpublished = {Webseite},
	Keywords = {google, music},
	Lastchecked = {18.01.2014},
	Month = {Januar},
	Title = {Googles Music Timeline: Musikgeschichte mal anders},
	Url = {http://heise.de/-2088124},
	Urldate = {18.01.2014},
	Year = {2014},
	Bdsk-Url-1 = {http://heise.de/-2088124}}

@inproceedings{Yoshioka,
	Acmid = {2390159},
	Address = {New York, NY, USA},
	Author = {Yoshioka, Masaharu and Kando, Noriko},
	Booktitle = {Proceedings of the fifth workshop on Exploiting semantic annotations in information retrieval},
	Date-Added = {2013-10-18 14:14:01 +0000},
	Date-Modified = {2014-01-23 16:50:07 +0000},
	Doi = {10.1145/2390148.2390159},
	Isbn = {978-1-4503-1717-7},
	Keywords = {multifaceted analysis, text mining},
	Location = {Maui, Hawaii, USA},
	Numpages = {2},
	Pages = {19--20},
	Publisher = {ACM},
	Series = {ESAIR '12},
	Title = {Multifaceted analysis of news articles by using semantic annotated information},
	Url = {http://doi.acm.org/10.1145/2390148.2390159},
	Year = {2012},
	Bdsk-Url-1 = {http://doi.acm.org/10.1145/2390148.2390159},
	Bdsk-Url-2 = {http://dx.doi.org/10.1145/2390148.2390159}}

@inproceedings{Son,
	Acmid = {2484064},
	Address = {New York, NY, USA},
	Annote = {2013_10_18 TU Berlin},
	Author = {Son, Jeong-Woo and Kim, A-Yeong and Park, Seong-Bae},
	Booktitle = {Proceedings of the 36th international ACM SIGIR conference on Research and development in information retrieval},
	Date-Added = {2013-10-18 14:13:17 +0000},
	Date-Modified = {2014-01-23 16:49:48 +0000},
	Doi = {10.1145/2484028.2484064},
	Isbn = {978-1-4503-2034-4},
	Keywords = {explicit localized semantic analysis, geographical context, local topic distribution, localized recommender system, news},
	Location = {Dublin, Ireland},
	Numpages = {10},
	Pages = {293--302},
	Publisher = {ACM},
	Series = {SIGIR '13},
	Title = {A location-based news article recommendation with explicit localized semantic analysis},
	Url = {http://doi.acm.org/10.1145/2484028.2484064},
	Year = {2013},
	Bdsk-Url-1 = {http://doi.acm.org/10.1145/2484028.2484064},
	Bdsk-Url-2 = {http://dx.doi.org/10.1145/2484028.2484064}}

@inproceedings{Messina,
	Acmid = {1526753},
	Address = {New York, NY, USA},
	Annote = {2013_10_18 TU Berlin},
	Author = {Messina, Alberto and Montagnuolo, Maurizio},
	Booktitle = {Proceedings of the 18th international conference on World wide web},
	Date-Added = {2013-10-18 14:12:44 +0000},
	Date-Modified = {2014-01-23 16:49:29 +0000},
	Doi = {10.1145/1526709.1526753},
	Isbn = {978-1-60558-487-4},
	Keywords = {cross-modal clustering, multimedia mashup, news retrieval, news},
	Location = {Madrid, Spain},
	Numpages = {10},
	Pages = {321--330},
	Publisher = {ACM},
	Series = {WWW '09},
	Title = {A generalised cross-modal clustering method applied to multimedia news semantic indexing and retrieval},
	Url = {http://doi.acm.org/10.1145/1526709.1526753},
	Year = {2009},
	Bdsk-Url-1 = {http://doi.acm.org/10.1145/1526709.1526753},
	Bdsk-Url-2 = {http://dx.doi.org/10.1145/1526709.1526753}}

@inproceedings{Liu,
	Acmid = {1873860},
	Address = {Stroudsburg, PA, USA},
	Annote = {2013_10_18 TU Berlin},
	Author = {Liu, Xiaohua and Li, Kuan and Han, Bo and Zhou, Ming and Jiang, Long and Xiong, Zhongyang and Huang, Changning},
	Booktitle = {Proceedings of the 23rd International Conference on Computational Linguistics},
	Date-Added = {2013-10-18 14:11:38 +0000},
	Date-Modified = {2014-01-23 16:49:16 +0000},
	Keywords = {news},
	Location = {Beijing, China},
	Numpages = {9},
	Pages = {698--706},
	Publisher = {Association for Computational Linguistics},
	Series = {COLING '10},
	Title = {Semantic role labeling for news tweets},
	Url = {http://dl.acm.org/citation.cfm?id=1873781.1873860},
	Year = {2010},
	Bdsk-Url-1 = {http://dl.acm.org/citation.cfm?id=1873781.1873860}}

@inproceedings{Schouten,
	Acmid = {1774264},
	Address = {New York, NY, USA},
	Annote = {2013_10_18 TU Berlin},
	Author = {Schouten, Kim and Ruijgrok, Philip and Borsje, Jethro and Frasincar, Flavius and Levering, Leonard and Hogenboom, Frederik},
	Booktitle = {Proceedings of the 2010 ACM Symposium on Applied Computing},
	Date-Added = {2013-10-18 14:10:55 +0000},
	Date-Modified = {2014-01-23 16:49:43 +0000},
	Doi = {10.1145/1774088.1774264},
	Isbn = {978-1-60558-639-7},
	Keywords = {news personalization, ontology, semantic web},
	Location = {Sierre, Switzerland},
	Numpages = {8},
	Pages = {854--861},
	Publisher = {ACM},
	Series = {SAC '10},
	Title = {A semantic web-based approach for personalizing news},
	Url = {http://doi.acm.org/10.1145/1774088.1774264},
	Year = {2010},
	Bdsk-Url-1 = {http://doi.acm.org/10.1145/1774088.1774264},
	Bdsk-Url-2 = {http://dx.doi.org/10.1145/1774088.1774264}}

@inproceedings{Capelle,
	Acmid = {2480426},
	Address = {New York, NY, USA},
	Annote = {2013_10_18 TU Berlin},
	Author = {Capelle, Michel and Hogenboom, Frederik and Hogenboom, Alexander and Frasincar, Flavius},
	Booktitle = {Proceedings of the 28th Annual ACM Symposium on Applied Computing},
	Date-Added = {2013-10-18 14:09:38 +0000},
	Date-Modified = {2014-01-23 16:48:32 +0000},
	Doi = {10.1145/2480362.2480426},
	Isbn = {978-1-4503-1656-9},
	Keywords = {bing similarity, news, semantic similarity, semantics-based recommender},
	Location = {Coimbra, Portugal},
	Numpages = {7},
	Pages = {296--302},
	Publisher = {ACM},
	Series = {SAC '13},
	Title = {Semantic news recommendation using wordnet and bing similarities},
	Url = {http://doi.acm.org/10.1145/2480362.2480426},
	Year = {2013},
	Bdsk-Url-1 = {http://doi.acm.org/10.1145/2480362.2480426},
	Bdsk-Url-2 = {http://dx.doi.org/10.1145/2480362.2480426}}

@inproceedings{Verborgh,
	Acmid = {1963355},
	Address = {New York, NY, USA},
	Annote = {2013_10_18 TU Berlin},
	Author = {Verborgh, Ruben and Van de Walle, Rik},
	Booktitle = {Proceedings of the 20th international conference companion on World wide web},
	Date-Added = {2013-10-18 13:59:41 +0000},
	Date-Modified = {2014-01-23 16:50:00 +0000},
	Doi = {10.1145/1963192.1963355},
	Isbn = {978-1-4503-0637-9},
	Keywords = {feature extraction, multimedia annotation, reasoning, semantic web, service composition},
	Location = {Hyderabad, India},
	Numpages = {6},
	Pages = {427--432},
	Publisher = {ACM},
	Series = {WWW '11},
	Title = {Application of semantic web technologies for multimedia interpretation},
	Url = {http://doi.acm.org/10.1145/1963192.1963355},
	Year = {2011},
	Bdsk-File-1 = {YnBsaXN0MDDUAQIDBAUGJCVYJHZlcnNpb25YJG9iamVjdHNZJGFyY2hpdmVyVCR0b3ASAAGGoKgHCBMUFRYaIVUkbnVsbNMJCgsMDxJXTlMua2V5c1pOUy5vYmplY3RzViRjbGFzc6INDoACgAOiEBGABIAFgAdccmVsYXRpdmVQYXRoWWFsaWFzRGF0YV8QKS4uL1JlY2hlcmNoZS8yMDEzXzEwXzE4L3A0MjctdmVyYm9yZ2gucGRm0hcLGBlXTlMuZGF0YU8RAc4AAAAAAc4AAgAAA1NTRAAAAAAAAAAAAAAAAAAAAAAAAAAAAAAAAM4IkHVIKwAAANx1SxFwNDI3LXZlcmJvcmdoLnBkZgAAAAAAAAAAAAAAAAAAAAAAAAAAAAAAAAAAAAAAAAAAAAAAAAAAAAAAAAAAAAABCjOzzud7kwAAAAAAAAAAAAEAAwAACSAAAAAAAAAAAAAAAAAAAAAKMjAxM18xMF8xOAAQAAgAAM4IdFUAAAARAAgAAM7nbYMAAAABABwA3HVLANx1SQDceA4ABu2ZAAaoHwAFM6IAAMBAAAIAWFNTRDpVc2VyczoAc3RlZjoASFRXOgBTZW1lc3Rlcl81OgBNYXN0ZXJhcmJlaXQ6AFJlY2hlcmNoZToAMjAxM18xMF8xODoAcDQyNy12ZXJib3JnaC5wZGYADgAkABEAcAA0ADIANwAtAHYAZQByAGIAbwByAGcAaAAuAHAAZABmAA8ACAADAFMAUwBEABIATVVzZXJzL3N0ZWYvSFRXL1NlbWVzdGVyXzUvTWFzdGVyYXJiZWl0L1JlY2hlcmNoZS8yMDEzXzEwXzE4L3A0MjctdmVyYm9yZ2gucGRmAAATAAEvAAAVAAIAC///AACABtIbHB0eWiRjbGFzc25hbWVYJGNsYXNzZXNdTlNNdXRhYmxlRGF0YaMdHyBWTlNEYXRhWE5TT2JqZWN00hscIiNcTlNEaWN0aW9uYXJ5oiIgXxAPTlNLZXllZEFyY2hpdmVy0SYnVHJvb3SAAQAIABEAGgAjAC0AMgA3AEAARgBNAFUAYABnAGoAbABuAHEAcwB1AHcAhACOALoAvwDHApkCmwKgAqsCtALCAsYCzQLWAtsC6ALrAv0DAAMFAAAAAAAAAgEAAAAAAAAAKAAAAAAAAAAAAAAAAAAAAwc=},
	Bdsk-Url-1 = {http://doi.acm.org/10.1145/1963192.1963355},
	Bdsk-Url-2 = {http://dx.doi.org/10.1145/1963192.1963355}}

@article{Magalhaes,
	Acmid = {1852105},
	Address = {New York, NY, USA},
	Annote = {2013_10_18 TU Berlin},
	Articleno = {19},
	Author = {{Magalh\~{a}es, Jo\~{a}o and R\"{u}ger, Stefan}},
	Date-Added = {2013-10-18 13:58:23 +0000},
	Date-Modified = {2014-01-23 16:49:22 +0000},
	Doi = {10.1145/1852102.1852105},
	Issn = {1046-8188},
	Issue_Date = {November 2010},
	Journal = {ACM Trans. Inf. Syst.},
	Keywords = {Indexing, automated keyword annotation, multimedia, search},
	Month = nov,
	Number = {4},
	Numpages = {32},
	Pages = {19:1--19:32},
	Publisher = {ACM},
	Title = {An information-theoretic framework for semantic-multimedia retrieval},
	Url = {http://doi.acm.org/10.1145/1852102.1852105},
	Volume = {28},
	Year = {2010},
	Bdsk-Url-1 = {http://doi.acm.org/10.1145/1852102.1852105},
	Bdsk-Url-2 = {http://dx.doi.org/10.1145/1852102.1852105}}

@inproceedings{Jain,
	Acmid = {1874199},
	Address = {New York, NY, USA},
	Annote = {2013_10_18 TU Berlin},
	Author = {Jain, Ramesh and Sinha, Pinaki},
	Booktitle = {Proceedings of the international conference on Multimedia},
	Date-Added = {2013-10-18 13:55:54 +0000},
	Date-Modified = {2014-01-23 16:49:02 +0000},
	Doi = {10.1145/1873951.1874199},
	Isbn = {978-1-60558-933-6},
	Keywords = {content, context, exif, image, mobile, perception, search},
	Location = {Firenze, Italy},
	Numpages = {10},
	Pages = {1259--1268},
	Publisher = {ACM},
	Series = {MM '10},
	Title = {Content without context is meaningless},
	Url = {http://doi.acm.org/10.1145/1873951.1874199},
	Year = {2010},
	Bdsk-Url-1 = {http://doi.acm.org/10.1145/1873951.1874199},
	Bdsk-Url-2 = {http://dx.doi.org/10.1145/1873951.1874199}}

@inproceedings{Saathoff,
	Acmid = {1772775},
	Address = {New York, NY, USA},
	Annote = {2013_10_18 TU Berlin},
	Author = {Saathoff, Carsten and Scherp, Ansgar},
	Booktitle = {Proceedings of the 19th international conference on World wide web},
	Date-Added = {2013-10-18 13:53:45 +0000},
	Date-Modified = {2014-01-23 16:49:35 +0000},
	Doi = {10.1145/1772690.1772775},
	Isbn = {978-1-60558-799-8},
	Keywords = {multimedia metadata, rich multimedia presentations, semantic annotation},
	Location = {Raleigh, North Carolina, USA},
	Numpages = {10},
	Pages = {831--840},
	Publisher = {ACM},
	Series = {WWW '10},
	Title = {Unlocking the semantics of multimedia presentations in the web with the multimedia metadata ontology},
	Url = {http://doi.acm.org/10.1145/1772690.1772775},
	Year = {2010},
	Bdsk-Url-1 = {http://doi.acm.org/10.1145/1772690.1772775},
	Bdsk-Url-2 = {http://dx.doi.org/10.1145/1772690.1772775}}

@article{Gao,
	Acmid = {1749606},
	Address = {New York, NY, USA},
	Annote = {2013_10_18 TU Berlin},
	Articleno = {15},
	Author = {Gao, Wen and Tian, Yonghong and Huang, Tiejun and Yang, Qiang},
	Date-Added = {2013-10-18 13:52:32 +0000},
	Date-Modified = {2014-01-23 16:48:46 +0000},
	Doi = {10.1145/1749603.1749606},
	Issn = {0360-0300},
	Issue_Date = {June 2010},
	Journal = {ACM Comput. Surv.},
	Keywords = {Survey, multimedia computing, vlog mining, vlogging, vlogs},
	Month = jun,
	Number = {4},
	Numpages = {57},
	Pages = {15:1--15:57},
	Publisher = {ACM},
	Title = {Vlogging: A survey of videoblogging technology on the web},
	Url = {http://doi.acm.org/10.1145/1749603.1749606},
	Volume = {42},
	Year = {2010},
	Bdsk-Url-1 = {http://doi.acm.org/10.1145/1749603.1749606},
	Bdsk-Url-2 = {http://dx.doi.org/10.1145/1749603.1749606}}

@inproceedings{Tilsner,
	Acmid = {1557638},
	Address = {New York, NY, USA},
	Annote = {2013_10_18 TU Berlin},
	Author = {Tilsner, Matthias and Fiech, Adrian and Specht, Thomas},
	Booktitle = {Proceedings of the 2nd Canadian Conference on Computer Science and Software Engineering},
	Date-Added = {2013-10-18 13:43:38 +0000},
	Date-Modified = {2014-01-23 16:49:53 +0000},
	Doi = {10.1145/1557626.1557638},
	Isbn = {978-1-60558-401-0},
	Keywords = {GUI integration, component software, service-oriented architecture (SOA), software as a service},
	Location = {Montreal, Quebec, Canada},
	Numpages = {9},
	Pages = {73--81},
	Publisher = {ACM},
	Series = {C3S2E '09},
	Title = {Integrating heterogeneous user interfaces in service oriented web applications},
	Url = {http://doi.acm.org/10.1145/1557626.1557638},
	Year = {2009},
	Bdsk-Url-1 = {http://doi.acm.org/10.1145/1557626.1557638},
	Bdsk-Url-2 = {http://dx.doi.org/10.1145/1557626.1557638}}

@inproceedings{Veltman,
	Acmid = {1557668},
	Address = {New York, NY, USA},
	Annote = {2013_10_18 TU Berlin},
	Author = {Veltman, Melanie A. and Wirth, Michael and Ni, JingBo},
	Booktitle = {Proceedings of the 2nd Canadian Conference on Computer Science and Software Engineering},
	Date-Added = {2013-10-18 13:41:47 +0000},
	Date-Modified = {2014-01-23 16:48:22 +0000},
	Doi = {10.1145/1557626.1557668},
	Isbn = {978-1-60558-401-0},
	Keywords = {computer vision, image analysis, image processing, information retrieval, semantic gap, visual similarity},
	Location = {Montreal, Quebec, Canada},
	Numpages = {9},
	Pages = {257--265},
	Publisher = {ACM},
	Series = {C3S2E '09},
	Title = {Impediments to general purpose Content Based Image search},
	Url = {http://doi.acm.org/10.1145/1557626.1557668},
	Year = {2009},
	Bdsk-Url-1 = {http://doi.acm.org/10.1145/1557626.1557668},
	Bdsk-Url-2 = {http://dx.doi.org/10.1145/1557626.1557668}}

@inproceedings{Gong,
	Acmid = {1593305},
	Address = {New York, NY, USA},
	Annote = {2013_10_18 TU Berlin},
	Author = {Gong, Zhiguo and Liu, Qian and Guo, Jingzhi},
	Booktitle = {Proceedings of the 11th International Conference on Electronic Commerce},
	Date-Added = {2013-10-18 13:39:58 +0000},
	Date-Modified = {2014-01-23 16:48:54 +0000},
	Doi = {10.1145/1593254.1593305},
	Isbn = {978-1-60558-586-4},
	Keywords = {image annotation, mixture gaussian model, web mining, word promotion},
	Location = {Taipei, Taiwan},
	Numpages = {6},
	Pages = {323--328},
	Publisher = {ACM},
	Series = {ICEC '09},
	Title = {Deriving semantic terms for images by mining the web},
	Url = {http://doi.acm.org/10.1145/1593254.1593305},
	Year = {2009},
	Bdsk-Url-1 = {http://doi.acm.org/10.1145/1593254.1593305},
	Bdsk-Url-2 = {http://dx.doi.org/10.1145/1593254.1593305}}

@inproceedings{Chandramouli,
	Acmid = {1743472},
	Address = {New York, NY, USA},
	Annote = {2013_10_18 TU Berlin},
	Author = {Chandramouli, Krishna and Izquierdo, Ebroul},
	Booktitle = {Proceedings of the international conference on Multimedia information retrieval},
	Date-Added = {2013-10-18 13:34:31 +0000},
	Date-Modified = {2014-01-23 16:48:40 +0000},
	Doi = {10.1145/1743384.1743472},
	Isbn = {978-1-60558-815-5},
	Keywords = {exif metadata, image retrieval, metadata fusion, particle swarm optimisation, social context, user generated content},
	Location = {Philadelphia, Pennsylvania, USA},
	Numpages = {10},
	Pages = {507--516},
	Publisher = {ACM},
	Series = {MIR '10},
	Title = {Semantic structuring and retrieval of event chapters in social photo collections},
	Url = {http://doi.acm.org/10.1145/1743384.1743472},
	Year = {2010},
	Bdsk-Url-1 = {http://doi.acm.org/10.1145/1743384.1743472},
	Bdsk-Url-2 = {http://dx.doi.org/10.1145/1743384.1743472}}

@inproceedings{Liao,
	Acmid = {2457426},
	Address = {New York, NY, USA},
	Annote = {2013_10_18 TU Berlin},
	Author = {Liao, Chen-Chih and Hsu, Cheng-Hsin},
	Booktitle = {Proceedings of the 5th Workshop on Mobile Video},
	Date-Added = {2013-10-18 13:29:40 +0000},
	Date-Modified = {2014-01-23 16:49:09 +0000},
	Doi = {10.1145/2457413.2457426},
	Isbn = {978-1-4503-1893-8},
	Location = {Oslo, Norway},
	Numpages = {6},
	Pages = {55--60},
	Publisher = {ACM},
	Series = {MoVid '13},
	Title = {A detour planning algorithm in crowdsourcing systems for multimedia content gathering},
	Url = {http://doi.acm.org/10.1145/2457413.2457426},
	Year = {2013},
	Bdsk-Url-1 = {http://doi.acm.org/10.1145/2457413.2457426},
	Bdsk-Url-2 = {http://dx.doi.org/10.1145/2457413.2457426}}
